\begin{thebibliography}{9}
@article{bridson2007curl,
  title={Curl-noise for procedural fluid flow},
  author={Bridson, Robert and Houriham, Jim and Nordenstam, Marcus},
  journal={ACM Transactions on Graphics (TOG)},
  volume={26},
  number={3},
  pages={46},
  year={2007},
  publisher={ACM}
}
\end{thebibliography}